@inbook{silverman,
   author = {Joseph H. Silverman and John T. Tate},
   year = {1992},
   title = {{Rational Points on Elliptic Curves}},
   publisher = {Springer}
}

@misc{github,
  author* = {Samuel Dauncey},
  title = {Nagell Lutz Repository},
  year = {2021},
  publisher = {GitHub},
  journal = {GitHub repository},
  howpublished = {\url{https://github.com/SamD770/nagell-lutz-project}},
}


@misc{desmos,
  title = {Desmos Graphing Calculator},
  year = {2021},
  howpublished = {\url{https://www.desmos.com/calculator}},
}












